@article {zz94,
    AUTHOR = {Zanardo, P. and Zannier, U.},
     TITLE = {The class semigroup of orders in number fields},
   JOURNAL = {Math. Proc. Cambridge Philos. Soc.},
  FJOURNAL = {Mathematical Proceedings of the Cambridge Philosophical
              Society},
    VOLUME = {115},
      YEAR = {1994},
    NUMBER = {3},
     PAGES = {379--391},
      ISSN = {0305-0041},
     CODEN = {MPCPCO},
   MRCLASS = {11R65 (13C20 13F05 20M14)},
  MRNUMBER = {1269926 (95d:11159)},
MRREVIEWER = {W. Narkiewicz},
       DOI = {10.1017/S0305004100072170},
       URL = {http://dx.doi.org/10.1017/S0305004100072170},
	  }

@article{buchlenstra,
    AUTHOR = {Buchmann, J. and Lenstra, Jr., H. W.},
     TITLE = {Approximating rings of integers in number fields},
   JOURNAL = {J. Th\'eor. Nombres Bordeaux},
  FJOURNAL = {Journal de Th\'eorie des Nombres de Bordeaux},
    VOLUME = {6},
      YEAR = {1994},
    NUMBER = {2},
     PAGES = {221--260},
      ISSN = {1246-7405},
   MRCLASS = {11R04 (11Y40)},
  MRNUMBER = {1360644 (96m:11092)},
MRREVIEWER = {Joe P. Buhler},
       URL = {http://jtnb.cedram.org/item?id=JTNB_1994__6_2_221_0},
	}

@article {basshy63,
    AUTHOR = {Bass, Hyman},
     TITLE = {On the ubiquity of {G}orenstein rings},
   JOURNAL = {Math. Z.},
  FJOURNAL = {Mathematische Zeitschrift},
    VOLUME = {82},
      YEAR = {1963},
     PAGES = {8--28},
      ISSN = {0025-5874},
   MRCLASS = {13.95 (16.00)},
  MRNUMBER = {0153708 (27 \#3669)},
MRREVIEWER = {J. P. Jans},
}

@book {weiss98,
    AUTHOR = {Weiss, Edwin},
     TITLE = {Algebraic number theory},
 PUBLISHER = {Dover Publications, Inc., Mineola, NY},
      YEAR = {1998},
     PAGES = {x+275},
      ISBN = {0-486-40189-8},
   MRCLASS = {11Rxx (11-01)},
  MRNUMBER = {1635455 (99c:11129)},
}

@article {klupau05,
    AUTHOR = {Kl{\"u}ners, J{\"u}rgen and Pauli, Sebastian},
     TITLE = {Computing residue class rings and {P}icard groups of orders},
   JOURNAL = {J. Algebra},
  FJOURNAL = {Journal of Algebra},
    VOLUME = {292},
      YEAR = {2005},
    NUMBER = {1},
     PAGES = {47--64},
      ISSN = {0021-8693},
     CODEN = {JALGA4},
   MRCLASS = {11R65 (11R27)},
  MRNUMBER = {2166795 (2006f:11142)},
MRREVIEWER = {Qin Yue},
       DOI = {10.1016/j.jalgebra.2005.04.013},
       URL = {http://dx.doi.org/10.1016/j.jalgebra.2005.04.013},
}

@article {dadetz62,
    AUTHOR = {Dade, E. C. and Taussky, O. and Zassenhaus, H.},
     TITLE = {On the theory of orders, in paricular on the semigroup of
              ideal classes and genera of an order in an algebraic number
              field},
   JOURNAL = {Math. Ann.},
  FJOURNAL = {Mathematische Annalen},
    VOLUME = {148},
      YEAR = {1962},
     PAGES = {31--64},
      ISSN = {0025-5831},
   MRCLASS = {16.46 (12.50)},
  MRNUMBER = {0140544 (25 \#3962)},
MRREVIEWER = {P. Samuel},
}

@incollection {psh08,
    AUTHOR = {Stevenhagen, Peter},
     TITLE = {The arithmetic of number rings},
 BOOKTITLE = {Algorithmic number theory: lattices, number fields, curves and
              cryptography},
    SERIES = {Math. Sci. Res. Inst. Publ.},
    VOLUME = {44},
     PAGES = {209--266},
 PUBLISHER = {Cambridge Univ. Press, Cambridge},
      YEAR = {2008},
   MRCLASS = {11Y40 (11Y16)},
  MRNUMBER = {2467548 (2009k:11213)},
MRREVIEWER = {Duncan A. Buell},
}



@book {eis95,
    AUTHOR = {Eisenbud, David},
     TITLE = {Commutative algebra},
    SERIES = {Graduate Texts in Mathematics},
    VOLUME = {150},
 PUBLISHER = {Springer-Verlag, New York},
      YEAR = {1995},
     PAGES = {xvi+785},
      ISBN = {0-387-94268-8; 0-387-94269-6},
   MRCLASS = {13-01 (14A05)},
  MRNUMBER = {1322960 (97a:13001)},
MRREVIEWER = {Matthew Miller},
       DOI = {10.1007/978-1-4612-5350-1},
       URL = {http://dx.doi.org/10.1007/978-1-4612-5350-1},
}



@book {mats89,
    AUTHOR = {Matsumura, Hideyuki},
     TITLE = {Commutative ring theory},
    SERIES = {Cambridge Studies in Advanced Mathematics},
    VOLUME = {8},
   EDITION = {Second},
 PUBLISHER = {Cambridge University Press, Cambridge},
      YEAR = {1989},
     PAGES = {xiv+320},
      ISBN = {0-521-36764-6},
   MRCLASS = {13-01},
  MRNUMBER = {1011461 (90i:13001)},
}

@article {delcdvor00,
    AUTHOR = {Del Corso, Ilaria and Dvornicich, Roberto},
     TITLE = {Relations among discriminant, different, and conductor of an
              order},
   JOURNAL = {J. Algebra},
  FJOURNAL = {Journal of Algebra},
    VOLUME = {224},
      YEAR = {2000},
    NUMBER = {1},
     PAGES = {77--90},
      ISSN = {0021-8693},
     CODEN = {JALGA4},
   MRCLASS = {11R54 (11R29)},
  MRNUMBER = {1736694 (2000m:11114)},
MRREVIEWER = {W. Narkiewicz},
       DOI = {10.1006/jabr.1998.8088},
       URL = {http://dx.doi.org/10.1006/jabr.1998.8088},
}

@book {borevshaf66,
    AUTHOR = {Borevich, A. I. and Shafarevich, I. R.},
     TITLE = {Number theory},
    SERIES = {Translated from the Russian by Newcomb Greenleaf. Pure and
              Applied Mathematics, Vol. 20},
 PUBLISHER = {Academic Press, New York-London},
      YEAR = {1966},
     PAGES = {x+435},
   MRCLASS = {10.00},
  MRNUMBER = {0195803},
}

@article {BergFabervdG14,
    AUTHOR = {Bergstr{\"o}m, Jonas and Faber, Carel and van der Geer,
              Gerard},
     TITLE = {Siegel modular forms of degree three and the cohomology of
              local systems},
   JOURNAL = {Selecta Math. (N.S.)},
  FJOURNAL = {Selecta Mathematica. New Series},
    VOLUME = {20},
      YEAR = {2014},
    NUMBER = {1},
     PAGES = {83--124},
      ISSN = {1022-1824},
   MRCLASS = {11F46 (11G18 14G35 14H10 14J15 14K10)},
  MRNUMBER = {3147414},
MRREVIEWER = {Rolf Berndt},
       DOI = {10.1007/s00029-013-0118-6},
       URL = {http://dx.doi.org/10.1007/s00029-013-0118-6},
}

@article {Magma,
    AUTHOR = {Bosma, Wieb and Cannon, John and Playoust, Catherine},
     TITLE = {The {M}agma algebra system. {I}. {T}he user language},
   JOURNAL = {J. Symbolic Comput.},
  FJOURNAL = {Journal of Symbolic Computation},
    VOLUME = {24},
      YEAR = {1997},
    NUMBER = {3-4},
     PAGES = {235--265},
      ISSN = {0747-7171},
   MRCLASS = {68Q40},
  MRNUMBER = {MR1484478},
       DOI = {10.1006/jsco.1996.0125},
       URL = {http://dx.doi.org/10.1006/jsco.1996.0125},
}


@book {cox13,
    AUTHOR = {Cox, David A.},
     TITLE = {Primes of the form {$x^2 + ny^2$}},
    SERIES = {Pure and Applied Mathematics (Hoboken)},
   EDITION = {Second},
 PUBLISHER = {John Wiley \& Sons, Inc., Hoboken, NJ},
      YEAR = {2013},
     PAGES = {xviii+356},
      ISBN = {978-1-118-39018-4},
   MRCLASS = {11A41 (11F11 11R11 11R16 11R18 11R37 11Y11)},
  MRNUMBER = {3236783},
MRREVIEWER = {Michael C. Berg},
       DOI = {10.1002/9781118400722},
       URL = {http://dx.doi.org/10.1002/9781118400722},
}



@article {LaClMD33,
    AUTHOR = {Latimer, Claiborne G. and MacDuffee, C. C.},
     TITLE = {A correspondence between classes of ideals and classes of
              matrices},
   JOURNAL = {Ann. of Math. (2)},
  FJOURNAL = {Annals of Mathematics. Second Series},
    VOLUME = {34},
      YEAR = {1933},
    NUMBER = {2},
     PAGES = {313--316},
      ISSN = {0003-486X},
     CODEN = {ANMAAH},
   MRCLASS = {Contributed Item},
  MRNUMBER = {1503108},
       DOI = {10.2307/1968204},
       URL = {http://dx.doi.org/10.2307/1968204},
}



@incollection {Gru80,
    AUTHOR = {Grunewald, Fritz J.},
     TITLE = {Solution of the conjugacy problem in certain arithmetic
              groups},
 BOOKTITLE = {Word problems, {II} ({C}onf. on {D}ecision {P}roblems in
              {A}lgebra, {O}xford, 1976)},
    SERIES = {Stud. Logic Foundations Math.},
    VOLUME = {95},
     PAGES = {101--139},
 PUBLISHER = {North-Holland, Amsterdam-New York},
      YEAR = {1980},
   MRCLASS = {20G25},
  MRNUMBER = {579942},
MRREVIEWER = {R. C. Lyndon},
}



@article {Hel40,
    AUTHOR = {Helmer, Olaf},
     TITLE = {Divisibility properties of integral functions},
   JOURNAL = {Duke Math. J.},
  FJOURNAL = {Duke Mathematical Journal},
    VOLUME = {6},
      YEAR = {1940},
     PAGES = {345--356},
      ISSN = {0012-7094},
   MRCLASS = {30.0X},
  MRNUMBER = {0001851},
MRREVIEWER = {R. P. Boas, Jr.},
}

@book {arithgeom86,
     TITLE = {Arithmetic geometry},
    EDITOR = {Cornell, Gary and Silverman, Joseph H.},
 PUBLISHER = {Springer-Verlag, New York},
      YEAR = {1986},
     PAGES = {xvi+353},
      ISBN = {0-387-96311-1},
   MRCLASS = {14Gxx (11D41 11Gxx 14G25 14K15)},
  MRNUMBER = {861969},
MRREVIEWER = {H. Gillet},
       DOI = {10.1007/978-1-4613-8655-1},
       URL = {http://dx.doi.org/10.1007/978-1-4613-8655-1},
}



@article {Sar79,
    AUTHOR = {Sarkisjan, R. A.},
     TITLE = {The conjugacy problem for collections of integral matrices},
   JOURNAL = {Mat. Zametki},
  FJOURNAL = {Akademiya Nauk Soyuza SSR. Matematicheskie Zametki},
    VOLUME = {25},
      YEAR = {1979},
    NUMBER = {6},
     PAGES = {811--824, 956},
      ISSN = {0025-567X},
   MRCLASS = {20G25 (15A36)},
  MRNUMBER = {540237},
MRREVIEWER = {A. A. Makhnev},
}
		

@article {GruSeg80,
    AUTHOR = {Grunewald, Fritz and Segal, Daniel},
     TITLE = {Some general algorithms. {I}. {A}rithmetic groups},
   JOURNAL = {Ann. of Math. (2)},
  FJOURNAL = {Annals of Mathematics. Second Series},
    VOLUME = {112},
      YEAR = {1980},
    NUMBER = {3},
     PAGES = {531--583},
      ISSN = {0003-486X},
     CODEN = {ANMAAH},
   MRCLASS = {20H20 (03D40 10C05 20F10)},
  MRNUMBER = {595206},
MRREVIEWER = {J. D. Dixon},
       DOI = {10.2307/1971091},
       URL = {http://dx.doi.org/10.2307/1971091},
}

@incollection {PS08,
    AUTHOR = {Stevenhagen, Peter},
     TITLE = {The arithmetic of number rings},
 BOOKTITLE = {Algorithmic number theory: lattices, number fields, curves and
              cryptography},
    SERIES = {Math. Sci. Res. Inst. Publ.},
    VOLUME = {44},
     PAGES = {209--266},
 PUBLISHER = {Cambridge Univ. Press, Cambridge},
      YEAR = {2008},
   MRCLASS = {11Y40 (11Y16)},
  MRNUMBER = {2467548},
MRREVIEWER = {Duncan A. Buell},
}

@article {BuchWill89,
    AUTHOR = {Buchmann, Johannes and Williams, H. C.},
     TITLE = {On the computation of the class number of an algebraic number
              field},
   JOURNAL = {Math. Comp.},
  FJOURNAL = {Mathematics of Computation},
    VOLUME = {53},
      YEAR = {1989},
    NUMBER = {188},
     PAGES = {679--688},
      ISSN = {0025-5718},
     CODEN = {MCMPAF},
   MRCLASS = {11R29 (11Y40)},
  MRNUMBER = {979937},
MRREVIEWER = {Duncan A. Buell},
       DOI = {10.2307/2008730},
       URL = {http://dx.doi.org/10.2307/2008730},
}

@article {Del69,
    AUTHOR = {Deligne, Pierre},
     TITLE = {Vari\'et\'es ab\'eliennes ordinaires sur un corps fini},
   JOURNAL = {Invent. Math.},
  FJOURNAL = {Inventiones Mathematicae},
    VOLUME = {8},
      YEAR = {1969},
     PAGES = {238--243},
      ISSN = {0020-9910},
   MRCLASS = {14.51},
  MRNUMBER = {0254059},
MRREVIEWER = {J. S. Milne},
}

@article {Howe95,
    AUTHOR = {Howe, Everett W.},
     TITLE = {Principally polarized ordinary abelian varieties over finite
              fields},
   JOURNAL = {Trans. Amer. Math. Soc.},
  FJOURNAL = {Transactions of the American Mathematical Society},
    VOLUME = {347},
      YEAR = {1995},
    NUMBER = {7},
     PAGES = {2361--2401},
      ISSN = {0002-9947},
     CODEN = {TAMTAM},
   MRCLASS = {11G25 (11G10 14K15)},
  MRNUMBER = {1297531},
MRREVIEWER = {Antoine Chambert-Loir},
       DOI = {10.2307/2154828},
       URL = {http://dx.doi.org/10.2307/2154828},
}



@article {Tate66,
    AUTHOR = {Tate, John},
     TITLE = {Endomorphisms of abelian varieties over finite fields},
   JOURNAL = {Invent. Math.},
  FJOURNAL = {Inventiones Mathematicae},
    VOLUME = {2},
      YEAR = {1966},
     PAGES = {134--144},
      ISSN = {0020-9910},
   MRCLASS = {14.51 (14.40)},
  MRNUMBER = {0206004},
MRREVIEWER = {O. F. G. Schilling},
}
		
@article {Wat69,
    AUTHOR = {Waterhouse, William C.},
     TITLE = {Abelian varieties over finite fields},
   JOURNAL = {Ann. Sci. \'Ecole Norm. Sup. (4)},
  FJOURNAL = {Annales Scientifiques de l'\'Ecole Normale Sup\'erieure.
              Quatri\`eme S\'erie},
    VOLUME = {2},
      YEAR = {1969},
     PAGES = {521--560},
      ISSN = {0012-9593},
   MRCLASS = {14.51},
  MRNUMBER = {0265369},
MRREVIEWER = {M. J. Greenberg},
}



@article {Honda68,
    AUTHOR = {Honda, Taira},
     TITLE = {Isogeny classes of abelian varieties over finite fields},
   JOURNAL = {J. Math. Soc. Japan},
  FJOURNAL = {Journal of the Mathematical Society of Japan},
    VOLUME = {20},
      YEAR = {1968},
     PAGES = {83--95},
      ISSN = {0025-5645},
   MRCLASS = {14.05},
  MRNUMBER = {0229642},
MRREVIEWER = {M. J. Greenberg},
}
		

@article {Reiner70,
    AUTHOR = {Reiner, Irving},
     TITLE = {A survey of integral representation theory},
   JOURNAL = {Bull. Amer. Math. Soc.},
  FJOURNAL = {Bulletin of the American Mathematical Society},
    VOLUME = {76},
      YEAR = {1970},
     PAGES = {159--227},
      ISSN = {0002-9904},
   MRCLASS = {16.40},
  MRNUMBER = {0254092},
MRREVIEWER = {W. E. Jenner},
}


@article {borfadd65,
    AUTHOR = {Borevi{\v{c}}, Z. I. and Faddeev, D. K.},
     TITLE = {Representations of orders with cyclic index},
   JOURNAL = {Trudy Mat. Inst. Steklov},
  FJOURNAL = {Akademiya Nauk SSSR. Trudy Matematicheskogo Instituta imeni V.
              A. Steklova},
    VOLUME = {80},
      YEAR = {1965},
     PAGES = {51--65},
      ISSN = {0371-9685},
   MRCLASS = {16.40},
  MRNUMBER = {0205980},
MRREVIEWER = {B. Gordon},
}
	
@book {Reiner03,
    AUTHOR = {Reiner, Irving},
     TITLE = {Maximal orders},
    SERIES = {London Mathematical Society Monographs. New Series},
    VOLUME = {28},
 PUBLISHER = {The Clarendon Press, Oxford University Press, Oxford},
      YEAR = {2003},
     PAGES = {xiv+395},
      ISBN = {0-19-852673-3},
   MRCLASS = {16H05 (11R54 16K20)},
  MRNUMBER = {1972204},
}

@book {cohen93,
    AUTHOR = {Cohen, Henri},
     TITLE = {A course in computational algebraic number theory},
    SERIES = {Graduate Texts in Mathematics},
    VOLUME = {138},
 PUBLISHER = {Springer-Verlag, Berlin},
      YEAR = {1993},
     PAGES = {xii+534},
      ISBN = {3-540-55640-0},
   MRCLASS = {11Y40 (11Rxx 68Q40)},
  MRNUMBER = {1228206},
MRREVIEWER = {Joe P. Buhler},
       DOI = {10.1007/978-3-662-02945-9},
       URL = {http://dx.doi.org/10.1007/978-3-662-02945-9},
}

@book {cohenadv00,
    AUTHOR = {Cohen, Henri},
     TITLE = {Advanced topics in computational number theory},
    SERIES = {Graduate Texts in Mathematics},
    VOLUME = {193},
 PUBLISHER = {Springer-Verlag, New York},
      YEAR = {2000},
     PAGES = {xvi+578},
      ISBN = {0-387-98727-4},
   MRCLASS = {11Y40 (11Rxx)},
  MRNUMBER = {1728313},
MRREVIEWER = {Ken Yamamura},
       DOI = {10.1007/978-1-4419-8489-0},
       URL = {http://dx.doi.org/10.1007/978-1-4419-8489-0},
}



@book {Mum08,
    AUTHOR = {Mumford, David},
     TITLE = {Abelian varieties},
    SERIES = {Tata Institute of Fundamental Research Studies in Mathematics},
    VOLUME = {5},
 PUBLISHER = {Hindustan Book Agency, New Delhi},
      YEAR = {2008},
     PAGES = {xii+263},
      ISBN = {978-81-85931-86-9; 81-85931-86-0},
   MRCLASS = {14Kxx},
  MRNUMBER = {2514037},
}

@article {CentelegheStix15,
    AUTHOR = {Centeleghe, Tommaso Giorgio and Stix, Jakob},
     TITLE = {Categories of abelian varieties over finite fields, {I}:
              {A}belian varieties over {$\mathbb{F}_p$}},
   JOURNAL = {Algebra Number Theory},
  FJOURNAL = {Algebra \& Number Theory},
    VOLUME = {9},
      YEAR = {2015},
    NUMBER = {1},
     PAGES = {225--265},
      ISSN = {1937-0652},
   MRCLASS = {14H15 (14G15)},
  MRNUMBER = {3317765},
       DOI = {10.2140/ant.2015.9.225},
       URL = {http://dx.doi.org/10.2140/ant.2015.9.225},
}

@article {Deu41,
    AUTHOR = {Deuring, Max},
     TITLE = {Die {T}ypen der {M}ultiplikatorenringe elliptischer
              {F}unktionenk\"orper},
   JOURNAL = {Abh. Math. Sem. Univ. Hamburg},
  FJOURNAL = {Abhandlungen aus dem Mathematischen Seminar der Universit\"at
              Hamburg},
    VOLUME = {14},
      YEAR = {1941},
    NUMBER = {1},
     PAGES = {197--272},
      ISSN = {0025-5858},
     CODEN = {AMHAAJ},
   MRCLASS = {Contributed Item},
  MRNUMBER = {3069722},
       DOI = {10.1007/BF02940746},
       URL = {http://dx.doi.org/10.1007/BF02940746},
}

@article {MaNart02,
    AUTHOR = {Maisner, Daniel and Nart, Enric},
     TITLE = {Abelian surfaces over finite fields as {J}acobians},
      NOTE = {With an appendix by Everett W. Howe},
   JOURNAL = {Experiment. Math.},
  FJOURNAL = {Experimental Mathematics},
    VOLUME = {11},
      YEAR = {2002},
    NUMBER = {3},
     PAGES = {321--337},
      ISSN = {1058-6458},
   MRCLASS = {14K15 (11G10 11G25)},
  MRNUMBER = {1959745},
MRREVIEWER = {Hui June Zhu},
       URL = {http://projecteuclid.org/euclid.em/1057777425},
}

@article {Hal10,
    AUTHOR = {Haloui, Safia},
     TITLE = {The characteristic polynomials of abelian varieties of
              dimensions 3 over finite fields},
   JOURNAL = {J. Number Theory},
  FJOURNAL = {Journal of Number Theory},
    VOLUME = {130},
      YEAR = {2010},
    NUMBER = {12},
     PAGES = {2745--2752},
      ISSN = {0022-314X},
     CODEN = {JNUTA9},
   MRCLASS = {14G15 (11G10 11G25 14K15)},
  MRNUMBER = {2684495},
MRREVIEWER = {Daniel Bertrand},
       DOI = {10.1016/j.jnt.2010.06.008},
       URL = {http://dx.doi.org/10.1016/j.jnt.2010.06.008},
}

@incollection {HalSin12,
    AUTHOR = {Haloui, Safia and Singh, Vijaykumar},
     TITLE = {The characteristic polynomials of abelian varieties of
              dimension 4 over finite fields},
 BOOKTITLE = {Arithmetic, geometry, cryptography and coding theory},
    SERIES = {Contemp. Math.},
    VOLUME = {574},
     PAGES = {59--68},
 PUBLISHER = {Amer. Math. Soc., Providence, RI},
      YEAR = {2012},
   MRCLASS = {14G15 (11C08 11G10 14K15)},
  MRNUMBER = {2961400},
MRREVIEWER = {Benjamin Smith},
       DOI = {10.1090/conm/574/11446},
       URL = {http://dx.doi.org/10.1090/conm/574/11446},
}

@incollection {MilWat69,
    AUTHOR = {Waterhouse, W. C. and Milne, J. S.},
     TITLE = {Abelian varieties over finite fields},
 BOOKTITLE = {1969 {N}umber {T}heory {I}nstitute ({P}roc. {S}ympos. {P}ure
              {M}ath., {V}ol. {XX}, {S}tate {U}niv. {N}ew {Y}ork, {S}tony
              {B}rook, {N}.{Y}., 1969)},
     PAGES = {53--64},
 PUBLISHER = {Amer. Math. Soc., Providence, R.I.},
      YEAR = {1971},
   MRCLASS = {14G10 (14K10 14G15)},
  MRNUMBER = {0314847},
MRREVIEWER = {T. Oda},
}



@preamble{
   "\def\cprime{$'$} "
}
@book {Sil09,
    AUTHOR = {Silverman, Joseph H.},
     TITLE = {The arithmetic of elliptic curves},
    SERIES = {Graduate Texts in Mathematics},
    VOLUME = {106},
   EDITION = {Second},
 PUBLISHER = {Springer, Dordrecht},
      YEAR = {2009},
     PAGES = {xx+513},
      ISBN = {978-0-387-09493-9},
   MRCLASS = {11-02 (11G05 11G20 14H52 14K15)},
  MRNUMBER = {2514094},
MRREVIEWER = {Vasil{\cprime} {\=I}. Andr{\={\i}}{\u\i}chuk},
       DOI = {10.1007/978-0-387-09494-6},
       URL = {http://dx.doi.org/10.1007/978-0-387-09494-6},
}


@book {Har77,
    AUTHOR = {Hartshorne, Robin},
     TITLE = {Algebraic geometry},
 PUBLISHER = {Springer-Verlag, New York-Heidelberg},
      YEAR = {1977},
     PAGES = {xvi+496},
      ISBN = {0-387-90244-9},
   MRCLASS = {14-01},
  MRNUMBER = {0463157},
MRREVIEWER = {Robert Speiser},
}

@article {how04,
    AUTHOR = {Howe, Everett W.},
     TITLE = {On the non-existence of certain curves of genus two},
   JOURNAL = {Compos. Math.},
  FJOURNAL = {Compositio Mathematica},
    VOLUME = {140},
      YEAR = {2004},
    NUMBER = {3},
     PAGES = {581--592},
      ISSN = {0010-437X},
   MRCLASS = {11G20 (11G10 11R65 14G15)},
  MRNUMBER = {2041770},
MRREVIEWER = {Niko Naumann},
       DOI = {10.1112/S0010437X03000757},
       URL = {http://dx.doi.org/10.1112/S0010437X03000757},
}
@book {Miy06,
    AUTHOR = {Miyake, Toshitsune},
     TITLE = {Modular forms},
    SERIES = {Springer Monographs in Mathematics},
   EDITION = {English},
      NOTE = {Translated from the 1976 Japanese original by Yoshitaka Maeda},
 PUBLISHER = {Springer-Verlag, Berlin},
      YEAR = {2006},
     PAGES = {x+335},
      ISBN = {978-3-540-29592-1; 3-540-29592-5},
   MRCLASS = {11F11 (11F25 11F72)},
  MRNUMBER = {2194815},
}

@article {Schoof87,
    AUTHOR = {Schoof, Ren{\'e}},
     TITLE = {Nonsingular plane cubic curves over finite fields},
   JOURNAL = {J. Combin. Theory Ser. A},
  FJOURNAL = {Journal of Combinatorial Theory. Series A},
    VOLUME = {46},
      YEAR = {1987},
    NUMBER = {2},
     PAGES = {183--211},
      ISSN = {0097-3165},
     CODEN = {JCBTA7},
   MRCLASS = {14G15 (11G20)},
  MRNUMBER = {914657},
MRREVIEWER = {Jos{\'e} Felipe Voloch},
       DOI = {10.1016/0097-3165(87)90003-3},
       URL = {http://dx.doi.org/10.1016/0097-3165(87)90003-3},
}

@unpublished{JP16,
  author      = {Bruce W. Jordan AND Bjorn Poonen},
  title       = {The analytic class number formula for orders in products of number fields},
      note = {arXiv:1604.04564v1},
  year	      = {2016},
}

@book {Mar16,
    	AUTHOR = {Marseglia, Stefano},
     	TITLE = {Isomorphism classes of abelian varieties over finite fields},
 	PUBLISHER = {Stockholm University},
	ISBN={978-91-7649-444-8},
     	YEAR = {2016},
}

@article {BF56,
    AUTHOR = {Borevi\v{c}, Z. I. and Faddeev, D. K.},
     TITLE = {Representations of orders with cyclic index},
   JOURNAL = {Trudy Mat. Inst. Steklov},
  FJOURNAL = {Akademiya Nauk SSSR. Trudy Matematicheskogo Instituta imeni V.
              A. Steklova},
    VOLUME = {80},
      YEAR = {1965},
     PAGES = {51--65},
      ISSN = {0371-9685},
   MRCLASS = {16.40},
  MRNUMBER = {0205980},
MRREVIEWER = {B. Gordon},
}

@article {Ba62,
    AUTHOR = {Bass, Hyman},
     TITLE = {Torsion free and projective modules},
   JOURNAL = {Trans. Amer. Math. Soc.},
  FJOURNAL = {Transactions of the American Mathematical Society},
    VOLUME = {102},
      YEAR = {1962},
     PAGES = {319--327},
      ISSN = {0002-9947},
   MRCLASS = {16.40},
  MRNUMBER = {0140542},
MRREVIEWER = {J. P. Jans},
       DOI = {10.2307/1993680},
       URL = {http://dx.doi.org/10.2307/1993680},
}
        