@article {zz94,
    AUTHOR = {Zanardo, P. and Zannier, U.},
     TITLE = {The class semigroup of orders in number fields},
   JOURNAL = {Math. Proc. Cambridge Philos. Soc.},
  FJOURNAL = {Mathematical Proceedings of the Cambridge Philosophical
              Society},
    VOLUME = {115},
      YEAR = {1994},
    NUMBER = {3},
     PAGES = {379--391},
      ISSN = {0305-0041},
     CODEN = {MPCPCO},
   MRCLASS = {11R65 (13C20 13F05 20M14)},
  MRNUMBER = {1269926 (95d:11159)},
MRREVIEWER = {W. Narkiewicz},
       DOI = {10.1017/S0305004100072170},
       URL = {http://dx.doi.org/10.1017/S0305004100072170},
	  }

@article{buchlenstra,
    AUTHOR = {Buchmann, J. and Lenstra, Jr., H. W.},
     TITLE = {Approximating rings of integers in number fields},
   JOURNAL = {J. Th\'eor. Nombres Bordeaux},
  FJOURNAL = {Journal de Th\'eorie des Nombres de Bordeaux},
    VOLUME = {6},
      YEAR = {1994},
    NUMBER = {2},
     PAGES = {221--260},
      ISSN = {1246-7405},
   MRCLASS = {11R04 (11Y40)},
  MRNUMBER = {1360644 (96m:11092)},
MRREVIEWER = {Joe P. Buhler},
       URL = {http://jtnb.cedram.org/item?id=JTNB_1994__6_2_221_0},
	}

@article {basshy63,
    AUTHOR = {Bass, Hyman},
     TITLE = {On the ubiquity of {G}orenstein rings},
   JOURNAL = {Math. Z.},
  FJOURNAL = {Mathematische Zeitschrift},
    VOLUME = {82},
      YEAR = {1963},
     PAGES = {8--28},
      ISSN = {0025-5874},
   MRCLASS = {13.95 (16.00)},
  MRNUMBER = {0153708 (27 \#3669)},
MRREVIEWER = {J. P. Jans},
}

@book {weiss98,
    AUTHOR = {Weiss, Edwin},
     TITLE = {Algebraic number theory},
 PUBLISHER = {Dover Publications, Inc., Mineola, NY},
      YEAR = {1998},
     PAGES = {x+275},
      ISBN = {0-486-40189-8},
   MRCLASS = {11Rxx (11-01)},
  MRNUMBER = {1635455 (99c:11129)},
}

@article {klupau05,
    AUTHOR = {Kl{\"u}ners, J{\"u}rgen and Pauli, Sebastian},
     TITLE = {Computing residue class rings and {P}icard groups of orders},
   JOURNAL = {J. Algebra},
  FJOURNAL = {Journal of Algebra},
    VOLUME = {292},
      YEAR = {2005},
    NUMBER = {1},
     PAGES = {47--64},
      ISSN = {0021-8693},
     CODEN = {JALGA4},
   MRCLASS = {11R65 (11R27)},
  MRNUMBER = {2166795 (2006f:11142)},
MRREVIEWER = {Qin Yue},
       DOI = {10.1016/j.jalgebra.2005.04.013},
       URL = {http://dx.doi.org/10.1016/j.jalgebra.2005.04.013},
}

@article {dadetz62,
    AUTHOR = {Dade, E. C. and Taussky, O. and Zassenhaus, H.},
     TITLE = {On the theory of orders, in particular on the semigroup of
              ideal classes and genera of an order in an algebraic number
              field},
   JOURNAL = {Math. Ann.},
  FJOURNAL = {Mathematische Annalen},
    VOLUME = {148},
      YEAR = {1962},
     PAGES = {31--64},
      ISSN = {0025-5831},
   MRCLASS = {16.46 (12.50)},
  MRNUMBER = {0140544 (25 \#3962)},
MRREVIEWER = {P. Samuel},
}

@incollection {psh08,
    AUTHOR = {Stevenhagen, Peter},
     TITLE = {The arithmetic of number rings},
 BOOKTITLE = {Algorithmic number theory: lattices, number fields, curves and
              cryptography},
    SERIES = {Math. Sci. Res. Inst. Publ.},
    VOLUME = {44},
     PAGES = {209--266},
 PUBLISHER = {Cambridge Univ. Press, Cambridge},
      YEAR = {2008},
   MRCLASS = {11Y40 (11Y16)},
  MRNUMBER = {2467548 (2009k:11213)},
MRREVIEWER = {Duncan A. Buell},
}



@book {eis95,
    AUTHOR = {Eisenbud, David},
     TITLE = {Commutative algebra},
    SERIES = {Graduate Texts in Mathematics},
    VOLUME = {150},
 PUBLISHER = {Springer-Verlag, New York},
      YEAR = {1995},
     PAGES = {xvi+785},
      ISBN = {0-387-94268-8; 0-387-94269-6},
   MRCLASS = {13-01 (14A05)},
  MRNUMBER = {1322960 (97a:13001)},
MRREVIEWER = {Matthew Miller},
       DOI = {10.1007/978-1-4612-5350-1},
       URL = {http://dx.doi.org/10.1007/978-1-4612-5350-1},
}



@book {mats89,
    AUTHOR = {Matsumura, Hideyuki},
     TITLE = {Commutative ring theory},
    SERIES = {Cambridge Studies in Advanced Mathematics},
    VOLUME = {8},
   EDITION = {Second},
 PUBLISHER = {Cambridge University Press, Cambridge},
      YEAR = {1989},
     PAGES = {xiv+320},
      ISBN = {0-521-36764-6},
   MRCLASS = {13-01},
  MRNUMBER = {1011461 (90i:13001)},
}

@article {delcdvor00,
    AUTHOR = {Del Corso, Ilaria and Dvornicich, Roberto},
     TITLE = {Relations among discriminant, different, and conductor of an
              order},
   JOURNAL = {J. Algebra},
  FJOURNAL = {Journal of Algebra},
    VOLUME = {224},
      YEAR = {2000},
    NUMBER = {1},
     PAGES = {77--90},
      ISSN = {0021-8693},
     CODEN = {JALGA4},
   MRCLASS = {11R54 (11R29)},
  MRNUMBER = {1736694 (2000m:11114)},
MRREVIEWER = {W. Narkiewicz},
       DOI = {10.1006/jabr.1998.8088},
       URL = {http://dx.doi.org/10.1006/jabr.1998.8088},
}

@book {borevshaf66,
    AUTHOR = {Borevich, A. I. and Shafarevich, I. R.},
     TITLE = {Number theory},
    SERIES = {Translated from the Russian by Newcomb Greenleaf. Pure and
              Applied Mathematics, Vol. 20},
 PUBLISHER = {Academic Press, New York-London},
      YEAR = {1966},
     PAGES = {x+435},
   MRCLASS = {10.00},
  MRNUMBER = {0195803},
}

@article {BergFabervdG14,
    AUTHOR = {Bergstr{\"o}m, Jonas and Faber, Carel and van der Geer,
              Gerard},
     TITLE = {Siegel modular forms of degree three and the cohomology of
              local systems},
   JOURNAL = {Selecta Math. (N.S.)},
  FJOURNAL = {Selecta Mathematica. New Series},
    VOLUME = {20},
      YEAR = {2014},
    NUMBER = {1},
     PAGES = {83--124},
      ISSN = {1022-1824},
   MRCLASS = {11F46 (11G18 14G35 14H10 14J15 14K10)},
  MRNUMBER = {3147414},
MRREVIEWER = {Rolf Berndt},
       DOI = {10.1007/s00029-013-0118-6},
       URL = {http://dx.doi.org/10.1007/s00029-013-0118-6},
}

@article {Bergstrom08,
    AUTHOR = {Bergstr\"{o}m, Jonas},
     TITLE = {Cohomology of moduli spaces of curves of genus three via point
              counts},
   JOURNAL = {J. Reine Angew. Math.},
  FJOURNAL = {Journal f\"{u}r die Reine und Angewandte Mathematik. [Crelle's
              Journal]},
    VOLUME = {622},
      YEAR = {2008},
     PAGES = {155--187},
      ISSN = {0075-4102},
   MRCLASS = {14H10 (14C30)},
  MRNUMBER = {2433615},
MRREVIEWER = {Orsola Tommasi},
       DOI = {10.1515/CRELLE.2008.068},
       URL = {https://doi-org.ezp.sub.su.se/10.1515/CRELLE.2008.068},
}


@article {BergTom10,
    AUTHOR = {Bergstr\"{o}m, Jonas and Tommasi, Orsola},
     TITLE = {The rational cohomology of {$\overline{\scr M}_4$}},
   JOURNAL = {Math. Ann.},
  FJOURNAL = {Mathematische Annalen},
    VOLUME = {338},
      YEAR = {2007},
    NUMBER = {1},
     PAGES = {207--239},
      ISSN = {0025-5831},
   MRCLASS = {14H10 (14F25)},
  MRNUMBER = {2295510},
MRREVIEWER = {Hsian-Hua Tseng},
       DOI = {10.1007/s00208-006-0073-z},
       URL = {https://doi-org.ezp.sub.su.se/10.1007/s00208-006-0073-z},
}


@article {Bergstrom09,
    AUTHOR = {Bergstr\"{o}m, Jonas},
     TITLE = {Equivariant counts of points of the moduli spaces of pointed
              hyperelliptic curves},
   JOURNAL = {Doc. Math.},
  FJOURNAL = {Documenta Mathematica},
    VOLUME = {14},
      YEAR = {2009},
     PAGES = {259--296},
      ISSN = {1431-0635},
   MRCLASS = {14H10 (11G20 14F20 14G15)},
  MRNUMBER = {2538614},
MRREVIEWER = {Orsola Tommasi},
}

@article {Magma,
    AUTHOR = {Bosma, Wieb and Cannon, John and Playoust, Catherine},
     TITLE = {The {M}agma algebra system. {I}. {T}he user language},
   JOURNAL = {J. Symbolic Comput.},
  FJOURNAL = {Journal of Symbolic Computation},
    VOLUME = {24},
      YEAR = {1997},
    NUMBER = {3-4},
     PAGES = {235--265},
      ISSN = {0747-7171},
   MRCLASS = {68Q40},
  MRNUMBER = {MR1484478},
       DOI = {10.1006/jsco.1996.0125},
       URL = {http://dx.doi.org/10.1006/jsco.1996.0125},
}


@book {cox13,
    AUTHOR = {Cox, David A.},
     TITLE = {Primes of the form {$x^2 + ny^2$}},
    SERIES = {Pure and Applied Mathematics (Hoboken)},
   EDITION = {Second},
 PUBLISHER = {John Wiley \& Sons, Inc., Hoboken, NJ},
      YEAR = {2013},
     PAGES = {xviii+356},
      ISBN = {978-1-118-39018-4},
   MRCLASS = {11A41 (11F11 11R11 11R16 11R18 11R37 11Y11)},
  MRNUMBER = {3236783},
MRREVIEWER = {Michael C. Berg},
       DOI = {10.1002/9781118400722},
       URL = {http://dx.doi.org/10.1002/9781118400722},
}



@article {LaClMD33,
    AUTHOR = {Latimer, Claiborne G. and MacDuffee, C. C.},
     TITLE = {A correspondence between classes of ideals and classes of
              matrices},
   JOURNAL = {Ann. of Math. (2)},
  FJOURNAL = {Annals of Mathematics. Second Series},
    VOLUME = {34},
      YEAR = {1933},
    NUMBER = {2},
     PAGES = {313--316},
      ISSN = {0003-486X},
     CODEN = {ANMAAH},
   MRCLASS = {Contributed Item},
  MRNUMBER = {1503108},
       DOI = {10.2307/1968204},
       URL = {http://dx.doi.org/10.2307/1968204},
}



@incollection {Gru80,
    AUTHOR = {Grunewald, Fritz J.},
     TITLE = {Solution of the conjugacy problem in certain arithmetic
              groups},
 BOOKTITLE = {Word problems, {II} ({C}onf. on {D}ecision {P}roblems in
              {A}lgebra, {O}xford, 1976)},
    SERIES = {Stud. Logic Foundations Math.},
    VOLUME = {95},
     PAGES = {101--139},
 PUBLISHER = {North-Holland, Amsterdam-New York},
      YEAR = {1980},
   MRCLASS = {20G25},
  MRNUMBER = {579942},
MRREVIEWER = {R. C. Lyndon},
}



@article {Hel40,
    AUTHOR = {Helmer, Olaf},
     TITLE = {Divisibility properties of integral functions},
   JOURNAL = {Duke Math. J.},
  FJOURNAL = {Duke Mathematical Journal},
    VOLUME = {6},
      YEAR = {1940},
     PAGES = {345--356},
      ISSN = {0012-7094},
   MRCLASS = {30.0X},
  MRNUMBER = {0001851},
MRREVIEWER = {R. P. Boas, Jr.},
}

@book {arithgeom86,
     TITLE = {Arithmetic geometry},
    EDITOR = {Cornell, Gary and Silverman, Joseph H.},
 PUBLISHER = {Springer-Verlag, New York},
      YEAR = {1986},
     PAGES = {xvi+353},
      ISBN = {0-387-96311-1},
   MRCLASS = {14Gxx (11D41 11Gxx 14G25 14K15)},
  MRNUMBER = {861969},
MRREVIEWER = {H. Gillet},
       DOI = {10.1007/978-1-4613-8655-1},
       URL = {http://dx.doi.org/10.1007/978-1-4613-8655-1},
}



@article {Sar79,
    AUTHOR = {Sarkisjan, R. A.},
     TITLE = {The conjugacy problem for collections of integral matrices},
   JOURNAL = {Mat. Zametki},
  FJOURNAL = {Akademiya Nauk Soyuza SSR. Matematicheskie Zametki},
    VOLUME = {25},
      YEAR = {1979},
    NUMBER = {6},
     PAGES = {811--824, 956},
      ISSN = {0025-567X},
   MRCLASS = {20G25 (15A36)},
  MRNUMBER = {540237},
MRREVIEWER = {A. A. Makhnev},
}
		

@article {GruSeg80,
    AUTHOR = {Grunewald, Fritz and Segal, Daniel},
     TITLE = {Some general algorithms. {I}. {A}rithmetic groups},
   JOURNAL = {Ann. of Math. (2)},
  FJOURNAL = {Annals of Mathematics. Second Series},
    VOLUME = {112},
      YEAR = {1980},
    NUMBER = {3},
     PAGES = {531--583},
      ISSN = {0003-486X},
     CODEN = {ANMAAH},
   MRCLASS = {20H20 (03D40 10C05 20F10)},
  MRNUMBER = {595206},
MRREVIEWER = {J. D. Dixon},
       DOI = {10.2307/1971091},
       URL = {http://dx.doi.org/10.2307/1971091},
}

@incollection {PS08,
    AUTHOR = {Stevenhagen, Peter},
     TITLE = {The arithmetic of number rings},
 BOOKTITLE = {Algorithmic number theory: lattices, number fields, curves and
              cryptography},
    SERIES = {Math. Sci. Res. Inst. Publ.},
    VOLUME = {44},
     PAGES = {209--266},
 PUBLISHER = {Cambridge Univ. Press, Cambridge},
      YEAR = {2008},
   MRCLASS = {11Y40 (11Y16)},
  MRNUMBER = {2467548},
MRREVIEWER = {Duncan A. Buell},
}

@article {BuchWill89,
    AUTHOR = {Buchmann, Johannes and Williams, H. C.},
     TITLE = {On the computation of the class number of an algebraic number
              field},
   JOURNAL = {Math. Comp.},
  FJOURNAL = {Mathematics of Computation},
    VOLUME = {53},
      YEAR = {1989},
    NUMBER = {188},
     PAGES = {679--688},
      ISSN = {0025-5718},
     CODEN = {MCMPAF},
   MRCLASS = {11R29 (11Y40)},
  MRNUMBER = {979937},
MRREVIEWER = {Duncan A. Buell},
       DOI = {10.2307/2008730},
       URL = {http://dx.doi.org/10.2307/2008730},
}

@article {Del69,
    AUTHOR = {Deligne, Pierre},
     TITLE = {Vari\'et\'es ab\'eliennes ordinaires sur un corps fini},
   JOURNAL = {Invent. Math.},
  FJOURNAL = {Inventiones Mathematicae},
    VOLUME = {8},
      YEAR = {1969},
     PAGES = {238--243},
      ISSN = {0020-9910},
   MRCLASS = {14.51},
  MRNUMBER = {0254059},
MRREVIEWER = {J. S. Milne},
}

@article {Howe95,
    AUTHOR = {Howe, Everett W.},
     TITLE = {Principally polarized ordinary abelian varieties over finite
              fields},
   JOURNAL = {Trans. Amer. Math. Soc.},
  FJOURNAL = {Transactions of the American Mathematical Society},
    VOLUME = {347},
      YEAR = {1995},
    NUMBER = {7},
     PAGES = {2361--2401},
      ISSN = {0002-9947},
     CODEN = {TAMTAM},
   MRCLASS = {11G25 (11G10 14K15)},
  MRNUMBER = {1297531},
MRREVIEWER = {Antoine Chambert-Loir},
       DOI = {10.2307/2154828},
       URL = {http://dx.doi.org/10.2307/2154828},
}

@article {Howe96constr_jac,
    AUTHOR = {Howe, Everett W.},
     TITLE = {Constructing distinct curves with isomorphic {J}acobians},
   JOURNAL = {J. Number Theory},
  FJOURNAL = {Journal of Number Theory},
    VOLUME = {56},
      YEAR = {1996},
    NUMBER = {2},
     PAGES = {381--390},
      ISSN = {0022-314X},
   MRCLASS = {11G30 (11G10)},
  MRNUMBER = {1373560},
MRREVIEWER = {Antoine Chambert-Loir},
       DOI = {10.1006/jnth.1996.0026},
       URL = {https://doi.org/10.1006/jnth.1996.0026},
}

@article {Lenstra96,
    AUTHOR = {Lenstra, Jr., H. W.},
     TITLE = {Complex multiplication structure of elliptic curves},
   JOURNAL = {J. Number Theory},
  FJOURNAL = {Journal of Number Theory},
    VOLUME = {56},
      YEAR = {1996},
    NUMBER = {2},
     PAGES = {227--241},
      ISSN = {0022-314X},
   MRCLASS = {11G20 (14G15 14H25)},
  MRNUMBER = {1373549},
MRREVIEWER = {Joseph H. Silverman},
       DOI = {10.1006/jnth.1996.0015},
       URL = {https://doi.org/10.1006/jnth.1996.0015},
}

@article {LenstraPilaPomerance02,
    AUTHOR = {Lenstra, Jr., H. W. and Pila, J. and Pomerance, Carl},
     TITLE = {A hyperelliptic smoothness test. {II}},
   JOURNAL = {Proc. London Math. Soc. (3)},
  FJOURNAL = {Proceedings of the London Mathematical Society. Third Series},
    VOLUME = {84},
      YEAR = {2002},
    NUMBER = {1},
     PAGES = {105--146},
      ISSN = {0024-6115},
   MRCLASS = {11Y05 (11G10 11G20 11M20)},
  MRNUMBER = {1863397},
MRREVIEWER = {Jordi Gu\`ardia},
       DOI = {10.1112/plms/84.1.105},
       URL = {https://doi.org/10.1112/plms/84.1.105},
}

@incollection {Tate71,
    AUTHOR = {Tate, John},
     TITLE = {Classes d'isog\'{e}nie des vari\'{e}t\'{e}s ab\'{e}liennes sur un corps fini
              (d'apr\`es {T}. {H}onda)},
 BOOKTITLE = {S\'{e}minaire {B}ourbaki. {V}ol. 1968/69: {E}xpos\'{e}s 347--363},
    SERIES = {Lecture Notes in Math.},
    VOLUME = {175},
     PAGES = {Exp. No. 352, 95--110},
 PUBLISHER = {Springer, Berlin},
      YEAR = {1971},
   MRCLASS = {14K02},
  MRNUMBER = {3077121},
}

@article {Tate66,
    AUTHOR = {Tate, John},
     TITLE = {Endomorphisms of abelian varieties over finite fields},
   JOURNAL = {Invent. Math.},
  FJOURNAL = {Inventiones Mathematicae},
    VOLUME = {2},
      YEAR = {1966},
     PAGES = {134--144},
      ISSN = {0020-9910},
   MRCLASS = {14.51 (14.40)},
  MRNUMBER = {0206004},
MRREVIEWER = {O. F. G. Schilling},
}
		
@article {Wat69,
    AUTHOR = {Waterhouse, William C.},
     TITLE = {Abelian varieties over finite fields},
   JOURNAL = {Ann. Sci. \'Ecole Norm. Sup. (4)},
  FJOURNAL = {Annales Scientifiques de l'\'Ecole Normale Sup\'erieure.
              Quatri\`eme S\'erie},
    VOLUME = {2},
      YEAR = {1969},
     PAGES = {521--560},
      ISSN = {0012-9593},
   MRCLASS = {14.51},
  MRNUMBER = {0265369},
MRREVIEWER = {M. J. Greenberg},
}



@article {Honda68,
    AUTHOR = {Honda, Taira},
     TITLE = {Isogeny classes of abelian varieties over finite fields},
   JOURNAL = {J. Math. Soc. Japan},
  FJOURNAL = {Journal of the Mathematical Society of Japan},
    VOLUME = {20},
      YEAR = {1968},
     PAGES = {83--95},
      ISSN = {0025-5645},
   MRCLASS = {14.05},
  MRNUMBER = {0229642},
MRREVIEWER = {M. J. Greenberg},
}
		

@article {Reiner70,
    AUTHOR = {Reiner, Irving},
     TITLE = {A survey of integral representation theory},
   JOURNAL = {Bull. Amer. Math. Soc.},
  FJOURNAL = {Bulletin of the American Mathematical Society},
    VOLUME = {76},
      YEAR = {1970},
     PAGES = {159--227},
      ISSN = {0002-9904},
   MRCLASS = {16.40},
  MRNUMBER = {0254092},
MRREVIEWER = {W. E. Jenner},
}
	
@book {Reiner03,
    AUTHOR = {Reiner, Irving},
     TITLE = {Maximal orders},
    SERIES = {London Mathematical Society Monographs. New Series},
    VOLUME = {28},
 PUBLISHER = {The Clarendon Press, Oxford University Press, Oxford},
      YEAR = {2003},
     PAGES = {xiv+395},
      ISBN = {0-19-852673-3},
   MRCLASS = {16H05 (11R54 16K20)},
  MRNUMBER = {1972204},
}

@book {cohen93,
    AUTHOR = {Cohen, Henri},
     TITLE = {A course in computational algebraic number theory},
    SERIES = {Graduate Texts in Mathematics},
    VOLUME = {138},
 PUBLISHER = {Springer-Verlag, Berlin},
      YEAR = {1993},
     PAGES = {xii+534},
      ISBN = {3-540-55640-0},
   MRCLASS = {11Y40 (11Rxx 68Q40)},
  MRNUMBER = {1228206},
MRREVIEWER = {Joe P. Buhler},
       DOI = {10.1007/978-3-662-02945-9},
       URL = {http://dx.doi.org/10.1007/978-3-662-02945-9},
}

@book {cohenadv00,
    AUTHOR = {Cohen, Henri},
     TITLE = {Advanced topics in computational number theory},
    SERIES = {Graduate Texts in Mathematics},
    VOLUME = {193},
 PUBLISHER = {Springer-Verlag, New York},
      YEAR = {2000},
     PAGES = {xvi+578},
      ISBN = {0-387-98727-4},
   MRCLASS = {11Y40 (11Rxx)},
  MRNUMBER = {1728313},
MRREVIEWER = {Ken Yamamura},
       DOI = {10.1007/978-1-4419-8489-0},
       URL = {http://dx.doi.org/10.1007/978-1-4419-8489-0},
}



@book {Mum08,
    AUTHOR = {Mumford, David},
     TITLE = {Abelian varieties},
    SERIES = {Tata Institute of Fundamental Research Studies in Mathematics},
    VOLUME = {5},
 PUBLISHER = {Hindustan Book Agency, New Delhi},
      YEAR = {2008},
     PAGES = {xii+263},
      ISBN = {978-81-85931-86-9; 81-85931-86-0},
   MRCLASS = {14Kxx},
  MRNUMBER = {2514037},
}

@article {CentelegheStix15,
    AUTHOR = {Centeleghe, Tommaso Giorgio and Stix, Jakob},
     TITLE = {Categories of abelian varieties over finite fields, {I}:
              {A}belian varieties over {$\mathbb{F}_p$}},
   JOURNAL = {Algebra Number Theory},
  FJOURNAL = {Algebra \& Number Theory},
    VOLUME = {9},
      YEAR = {2015},
    NUMBER = {1},
     PAGES = {225--265},
      ISSN = {1937-0652},
   MRCLASS = {14H15 (14G15)},
  MRNUMBER = {3317765},
       DOI = {10.2140/ant.2015.9.225},
       URL = {http://dx.doi.org/10.2140/ant.2015.9.225},
}

@article {Deu41,
    AUTHOR = {Deuring, Max},
     TITLE = {Die {T}ypen der {M}ultiplikatorenringe elliptischer
              {F}unktionenk\"orper},
   JOURNAL = {Abh. Math. Sem. Univ. Hamburg},
  FJOURNAL = {Abhandlungen aus dem Mathematischen Seminar der Universit\"at
              Hamburg},
    VOLUME = {14},
      YEAR = {1941},
    NUMBER = {1},
     PAGES = {197--272},
      ISSN = {0025-5858},
     CODEN = {AMHAAJ},
   MRCLASS = {Contributed Item},
  MRNUMBER = {3069722},
       DOI = {10.1007/BF02940746},
       URL = {http://dx.doi.org/10.1007/BF02940746},
}

@article {MaNart02,
    AUTHOR = {Maisner, Daniel and Nart, Enric},
     TITLE = {Abelian surfaces over finite fields as {J}acobians},
      NOTE = {With an appendix by Everett W. Howe},
   JOURNAL = {Experiment. Math.},
  FJOURNAL = {Experimental Mathematics},
    VOLUME = {11},
      YEAR = {2002},
    NUMBER = {3},
     PAGES = {321--337},
      ISSN = {1058-6458},
   MRCLASS = {14K15 (11G10 11G25)},
  MRNUMBER = {1959745},
MRREVIEWER = {Hui June Zhu},
       URL = {http://projecteuclid.org/euclid.em/1057777425},
}

@article {Hal10,
    AUTHOR = {Haloui, Safia},
     TITLE = {The characteristic polynomials of abelian varieties of
              dimensions 3 over finite fields},
   JOURNAL = {J. Number Theory},
  FJOURNAL = {Journal of Number Theory},
    VOLUME = {130},
      YEAR = {2010},
    NUMBER = {12},
     PAGES = {2745--2752},
      ISSN = {0022-314X},
     CODEN = {JNUTA9},
   MRCLASS = {14G15 (11G10 11G25 14K15)},
  MRNUMBER = {2684495},
MRREVIEWER = {Daniel Bertrand},
       DOI = {10.1016/j.jnt.2010.06.008},
       URL = {http://dx.doi.org/10.1016/j.jnt.2010.06.008},
}

@incollection {HalSin12,
    AUTHOR = {Haloui, Safia and Singh, Vijaykumar},
     TITLE = {The characteristic polynomials of abelian varieties of
              dimension 4 over finite fields},
 BOOKTITLE = {Arithmetic, geometry, cryptography and coding theory},
    SERIES = {Contemp. Math.},
    VOLUME = {574},
     PAGES = {59--68},
 PUBLISHER = {Amer. Math. Soc., Providence, RI},
      YEAR = {2012},
   MRCLASS = {14G15 (11C08 11G10 14K15)},
  MRNUMBER = {2961400},
MRREVIEWER = {Benjamin Smith},
       DOI = {10.1090/conm/574/11446},
       URL = {http://dx.doi.org/10.1090/conm/574/11446},
}

@incollection {MilWat71,
    AUTHOR = {Waterhouse, W. C. and Milne, J. S.},
     TITLE = {Abelian varieties over finite fields},
 BOOKTITLE = {1969 {N}umber {T}heory {I}nstitute ({P}roc. {S}ympos. {P}ure
              {M}ath., {V}ol. {XX}, {S}tate {U}niv. {N}ew {Y}ork, {S}tony
              {B}rook, {N}.{Y}., 1969)},
     PAGES = {53--64},
 PUBLISHER = {Amer. Math. Soc., Providence, R.I.},
      YEAR = {1971},
   MRCLASS = {14G10 (14K10 14G15)},
  MRNUMBER = {0314847},
MRREVIEWER = {T. Oda},
}



@preamble{
   "\def\cprime{$'$} "
}
@book {Sil09,
    AUTHOR = {Silverman, Joseph H.},
     TITLE = {The arithmetic of elliptic curves},
    SERIES = {Graduate Texts in Mathematics},
    VOLUME = {106},
   EDITION = {Second},
 PUBLISHER = {Springer, Dordrecht},
      YEAR = {2009},
     PAGES = {xx+513},
      ISBN = {978-0-387-09493-9},
   MRCLASS = {11-02 (11G05 11G20 14H52 14K15)},
  MRNUMBER = {2514094},
MRREVIEWER = {Vasil{\cprime} {\=I}. Andr{\={\i}}{\u\i}chuk},
       DOI = {10.1007/978-0-387-09494-6},
       URL = {http://dx.doi.org/10.1007/978-0-387-09494-6},
}


@book {Har77,
    AUTHOR = {Hartshorne, Robin},
     TITLE = {Algebraic geometry},
 PUBLISHER = {Springer-Verlag, New York-Heidelberg},
      YEAR = {1977},
     PAGES = {xvi+496},
      ISBN = {0-387-90244-9},
   MRCLASS = {14-01},
  MRNUMBER = {0463157},
MRREVIEWER = {Robert Speiser},
}

@article {how04,
    AUTHOR = {Howe, Everett W.},
     TITLE = {On the non-existence of certain curves of genus two},
   JOURNAL = {Compos. Math.},
  FJOURNAL = {Compositio Mathematica},
    VOLUME = {140},
      YEAR = {2004},
    NUMBER = {3},
     PAGES = {581--592},
      ISSN = {0010-437X},
   MRCLASS = {11G20 (11G10 11R65 14G15)},
  MRNUMBER = {2041770},
MRREVIEWER = {Niko Naumann},
       DOI = {10.1112/S0010437X03000757},
       URL = {http://dx.doi.org/10.1112/S0010437X03000757},
}
@book {Miy06,
    AUTHOR = {Miyake, Toshitsune},
     TITLE = {Modular forms},
    SERIES = {Springer Monographs in Mathematics},
   EDITION = {English},
      NOTE = {Translated from the 1976 Japanese original by Yoshitaka Maeda},
 PUBLISHER = {Springer-Verlag, Berlin},
      YEAR = {2006},
     PAGES = {x+335},
      ISBN = {978-3-540-29592-1; 3-540-29592-5},
   MRCLASS = {11F11 (11F25 11F72)},
  MRNUMBER = {2194815},
}

@article {Schoof87,
    AUTHOR = {Schoof, Ren{\'e}},
     TITLE = {Nonsingular plane cubic curves over finite fields},
   JOURNAL = {J. Combin. Theory Ser. A},
  FJOURNAL = {Journal of Combinatorial Theory. Series A},
    VOLUME = {46},
      YEAR = {1987},
    NUMBER = {2},
     PAGES = {183--211},
      ISSN = {0097-3165},
     CODEN = {JCBTA7},
   MRCLASS = {14G15 (11G20)},
  MRNUMBER = {914657},
MRREVIEWER = {Jos{\'e} Felipe Voloch},
       DOI = {10.1016/0097-3165(87)90003-3},
       URL = {http://dx.doi.org/10.1016/0097-3165(87)90003-3},
}

@Misc{BF65,
 Author = {Borevi\v{c}, Z. I. and Faddeev, D. K.},
 Title = {{Representations of orders with a cyclic index.}},
 Year = {1965},
 Language = {English},
 HowPublished = {{Proc. Steklov Inst. Math. 80 (1965), 56-72 (1968); translation from Tr. Mat. Inst. Steklov 80, 51-65 (1965).}},
 MSC2010 = {11R54},
 Zbl = {0179.06101}
}

@article {BF65rus,
    AUTHOR = {Borevi\v{c}, Z. I. and Faddeev, D. K.},
     TITLE = {Representations of orders with cyclic index},
   JOURNAL = {Trudy Mat. Inst. Steklov},
  FJOURNAL = {Akademiya Nauk SSSR. Trudy Matematicheskogo Instituta imeni V.
              A. Steklova},
    VOLUME = {80},
      YEAR = {1965},
     PAGES = {51--65},
      ISSN = {0371-9685},
   MRCLASS = {16.40},
  MRNUMBER = {0205980},
MRREVIEWER = {B. Gordon},
}

@article {Ba62,
    AUTHOR = {Bass, Hyman},
     TITLE = {Torsion free and projective modules},
   JOURNAL = {Trans. Amer. Math. Soc.},
  FJOURNAL = {Transactions of the American Mathematical Society},
    VOLUME = {102},
      YEAR = {1962},
     PAGES = {319--327},
      ISSN = {0002-9947},
   MRCLASS = {16.40},
  MRNUMBER = {0140542},
MRREVIEWER = {J. P. Jans},
       DOI = {10.2307/1993680},
       URL = {http://dx.doi.org/10.2307/1993680},
}

@article {Ka49,
    AUTHOR = {Kaplansky, Irving},
     TITLE = {Elementary divisors and modules},
   JOURNAL = {Trans. Amer. Math. Soc.},
  FJOURNAL = {Transactions of the American Mathematical Society},
    VOLUME = {66},
      YEAR = {1949},
     PAGES = {464--491},
      ISSN = {0002-9947},
   MRCLASS = {09.1X},
  MRNUMBER = {0031470},
MRREVIEWER = {J. Dieudonn\'e},
       DOI = {10.2307/1990591},
       URL = {http://dx.doi.org/10.2307/1990591},
}



@book {Gilmer92,
    AUTHOR = {Gilmer, Robert},
     TITLE = {Multiplicative ideal theory},
    SERIES = {Queen's Papers in Pure and Applied Mathematics},
    VOLUME = {90},
      NOTE = {Corrected reprint of the 1972 edition},
 PUBLISHER = {Queen's University, Kingston, ON},
      YEAR = {1992},
     PAGES = {xii+609},
   MRCLASS = {13-02 (13A15)},
  MRNUMBER = {1204267},
}



@article {Lauter02,
    AUTHOR = {Lauter, Kristin},
     TITLE = {The maximum or minimum number of rational points on genus
              three curves over finite fields},
      NOTE = {With an appendix by Jean-Pierre Serre},
   JOURNAL = {Compositio Math.},
  FJOURNAL = {Compositio Mathematica},
    VOLUME = {134},
      YEAR = {2002},
    NUMBER = {1},
     PAGES = {87--111},
      ISSN = {0010-437X},
   MRCLASS = {14G05 (11G20 14G15)},
  MRNUMBER = {1931964},
MRREVIEWER = {Gabriel D. Villa-Salvador},
       DOI = {10.1023/A:1020246226326},
       URL = {http://dx.doi.org/10.1023/A:1020246226326},
}
		
@article {LevyWiegand85,
    AUTHOR = {Levy, Lawrence S. and Wiegand, Roger},
     TITLE = {Dedekind-like behavior of rings with {$2$}-generated ideals},
   JOURNAL = {J. Pure Appl. Algebra},
  FJOURNAL = {Journal of Pure and Applied Algebra},
    VOLUME = {37},
      YEAR = {1985},
    NUMBER = {1},
     PAGES = {41--58},
      ISSN = {0022-4049},
   MRCLASS = {13C05 (13H10)},
  MRNUMBER = {794792},
MRREVIEWER = {W. V. Vasconcelos},
       URL = {https://doi.org/10.1016/0022-4049(85)90086-6},
}		

@article {NazRou67,
    AUTHOR = {Nazarova, L. A. and Ro{\u\i}ter, A. V.},
     TITLE = {A sharpening of a theorem of {B}ass},
   JOURNAL = {Dokl. Akad. Nauk SSSR},
  FJOURNAL = {Doklady Akademii Nauk SSSR},
    VOLUME = {176},
      YEAR = {1967},
     PAGES = {266--268},
      ISSN = {0002-3264},
   MRCLASS = {16.40 (13.00)},
  MRNUMBER = {0225810},
MRREVIEWER = {Andrzej Bialynicki-Birula},
}

@article {Haef90,
    AUTHOR = {Haefner, Jeremy},
     TITLE = {Local orders whose lattices are direct sums of ideals},
   JOURNAL = {Trans. Amer. Math. Soc.},
  FJOURNAL = {Transactions of the American Mathematical Society},
    VOLUME = {321},
      YEAR = {1990},
    NUMBER = {2},
     PAGES = {717--740},
      ISSN = {0002-9947},
   MRCLASS = {16H05},
  MRNUMBER = {978384},
MRREVIEWER = {Holger P. Petersson},
       URL = {https://doi.org/10.2307/2001582},
}

@article {HaefLevy88,
    AUTHOR = {Haefner, Jeremy and Levy, Lawrence S.},
     TITLE = {Commutative orders whose lattices are direct sums of ideals},
   JOURNAL = {J. Pure Appl. Algebra},
  FJOURNAL = {Journal of Pure and Applied Algebra},
    VOLUME = {50},
      YEAR = {1988},
    NUMBER = {1},
     PAGES = {1--20},
      ISSN = {0022-4049},
   MRCLASS = {13C05 (13F05)},
  MRNUMBER = {931905},
MRREVIEWER = {Cornelius Greither},
       URL = {https://doi.org/10.1016/0022-4049(88)90002-3},
}

@article {taussky49,
    AUTHOR = {Taussky, Olga},
     TITLE = {On a theorem of {L}atimer and {M}ac{D}uffee},
   JOURNAL = {Canadian J. Math.},
  FJOURNAL = {Canadian Journal of Mathematics. Journal Canadien de
              Math\'ematiques},
    VOLUME = {1},
      YEAR = {1949},
     PAGES = {300--302},
      ISSN = {0008-414X},
   MRCLASS = {09.0X},
  MRNUMBER = {0030491},
MRREVIEWER = {W. Givens},
}


@book {Knus91,
    AUTHOR = {Knus, Max-Albert},
     TITLE = {Quadratic and {H}ermitian forms over rings},
    SERIES = {Grundlehren der Mathematischen Wissenschaften [Fundamental
              Principles of Mathematical Sciences]},
    VOLUME = {294},
      NOTE = {With a foreword by I. Bertuccioni},
 PUBLISHER = {Springer-Verlag, Berlin},
      YEAR = {1991},
     PAGES = {xii+524},
      ISBN = {3-540-52117-8},
   MRCLASS = {11Exx (11E39 11E81 16E20 19Gxx)},
  MRNUMBER = {1096299},
MRREVIEWER = {Rudolf Scharlau},
       URL = {https://doi.org/10.1007/978-3-642-75401-2},
}


@book {daSilva01,
    AUTHOR = {Cannas da Silva, Ana},
     TITLE = {Lectures on symplectic geometry},
    SERIES = {Lecture Notes in Mathematics},
    VOLUME = {1764},
 PUBLISHER = {Springer-Verlag, Berlin},
      YEAR = {2001},
     PAGES = {xii+217},
      ISBN = {3-540-42195-5},
   MRCLASS = {53Dxx (53-01)},
  MRNUMBER = {1853077},
MRREVIEWER = {Brendan J. Foreman},
       URL = {https://doi.org/10.1007/978-3-540-45330-7},
}

@article {Kani11,
    AUTHOR = {Kani, Ernst},
     TITLE = {Products of {CM} elliptic curves},
   JOURNAL = {Collect. Math.},
  FJOURNAL = {Collectanea Mathematica},
    VOLUME = {62},
      YEAR = {2011},
    NUMBER = {3},
     PAGES = {297--339},
      ISSN = {0010-0757},
   MRCLASS = {11G10 (11G15 14H52 14K02 14K22 14L15)},
  MRNUMBER = {2825715},
MRREVIEWER = {Joseph H. Silverman},
       URL = {https://doi.org/10.1007/s13348-010-0029-1},
}
	
@article {AchterGordon17,
    AUTHOR = {Achter, Jeffrey D. and Gordon, Julia},
     TITLE = {Elliptic curves, random matrices and orbital integrals},
      NOTE = {With an appendix by S. Ali Altu\u g},
   JOURNAL = {Pacific J. Math.},
  FJOURNAL = {Pacific Journal of Mathematics},
    VOLUME = {286},
      YEAR = {2017},
    NUMBER = {1},
     PAGES = {1--24},
      ISSN = {0030-8730},
   MRCLASS = {11G20 (14H52 22E35)},
  MRNUMBER = {3582398},
MRREVIEWER = {Peter Beelen},
       URL = {https://doi-org.ezp.sub.su.se/10.2140/pjm.2017.286.1},
}

@article {AchterWilliams15,
    AUTHOR = {Achter, Jeffrey and Williams, Cassandra},
     TITLE = {Local heuristics and an exact formula for abelian surfaces
              over finite fields},
   JOURNAL = {Canad. Math. Bull.},
  FJOURNAL = {Canadian Mathematical Bulletin. Bulletin Canadien de
              Math\'ematiques},
    VOLUME = {58},
      YEAR = {2015},
    NUMBER = {4},
     PAGES = {673--691},
      ISSN = {0008-4395},
   MRCLASS = {14K10 (14G15 14K15)},
  MRNUMBER = {3415659},
MRREVIEWER = {John T. Cullinan},
       URL = {https://doi-org.ezp.sub.su.se/10.4153/CMB-2015-050-8},
}

@inproceedings{GHR18,
    AUTHOR = {G\'{e}lin, Alexandre and Howe, Everett W. and Ritzenthaler,
              Christophe},
     TITLE = {Principally polarized squares of elliptic curves with field of
              moduli equal to {$\Bbb Q$}},
 BOOKTITLE = {Proceedings of the {T}hirteenth {A}lgorithmic {N}umber
              {T}heory {S}ymposium},
    SERIES = {Open Book Ser.},
    VOLUME = {2},
     PAGES = {257--274},
 PUBLISHER = {Math. Sci. Publ., Berkeley, CA},
      YEAR = {2019},
   MRCLASS = {11G15 (14H25 14H40)},
  MRNUMBER = {3952016},
MRREVIEWER = {James H. Stankewicz},
}

@book {Mar16,
    	AUTHOR = {Marseglia, Stefano},
     	TITLE = {Isomorphism classes of abelian varieties over finite fields},
        PUBLISHER = {Stockholm University},
        ISBN={978-91-7649-444-8},
        URL={http://su.diva-portal.org/smash/get/diva2:929747/FULLTEXT01.pdf},
     	YEAR = {2016},
}

@book {MarPhDThesis18,
    	AUTHOR = {Marseglia, Stefano},
     	TITLE = {Computing abelian varieties over finite fields},
 	PUBLISHER = {Stockholm University},
	ISBN={978-91-7797-274-7},
     	YEAR = {2018},
}

@book {MartindaleThesis,
    	AUTHOR = {Martindale, Chloe},
     	TITLE = {Isogeny Graphs, Modular Polynomials, and Applications},
        PUBLISHER = {Université de Bordeaux,},
     	YEAR = {2018},
}

@book {chaiconradoort14,
    AUTHOR = {Chai, Ching-Li and Conrad, Brian and Oort, Frans},
     TITLE = {Complex multiplication and lifting problems},
    SERIES = {Mathematical Surveys and Monographs},
    VOLUME = {195},
 PUBLISHER = {American Mathematical Society, Providence, RI},
      YEAR = {2014},
     PAGES = {x+387},
      ISBN = {978-1-4704-1014-8},
   MRCLASS = {14K22 (11G15 14D15 14K02 14K15 14L05)},
  MRNUMBER = {3137398},
MRREVIEWER = {Mihran Papikian},
}


@incollection {Ked08,
    AUTHOR = {Kedlaya, Kiran S.},
     TITLE = {Search techniques for root-unitary polynomials},
 BOOKTITLE = {Computational arithmetic geometry},
    SERIES = {Contemp. Math.},
    VOLUME = {463},
     PAGES = {71--81},
 PUBLISHER = {Amer. Math. Soc., Providence, RI},
      YEAR = {2008},
   MRCLASS = {26C10 (12D10)},
  MRNUMBER = {2459990},
MRREVIEWER = {Jos\'e Luis D\'\i az-Barrero},
       DOI = {10.1090/conm/463/09047},
       URL = {https://doi.org/10.1090/conm/463/09047},
}

@book {Neukirch99,
    AUTHOR = {Neukirch, J\"urgen},
     TITLE = {Algebraic number theory},
    SERIES = {Grundlehren der Mathematischen Wissenschaften [Fundamental
              Principles of Mathematical Sciences]},
    VOLUME = {322},
      NOTE = {Translated from the 1992 German original and with a note by
              Norbert Schappacher,
              With a foreword by G. Harder},
 PUBLISHER = {Springer-Verlag, Berlin},
      YEAR = {1999},
     PAGES = {xviii+571},
      ISBN = {3-540-65399-6},
   MRCLASS = {11Rxx (11-02 11S15 11S31 14C40)},
  MRNUMBER = {1697859},
MRREVIEWER = {Cornelius Greither},
       DOI = {10.1007/978-3-662-03983-0},
       URL = {https://doi.org/10.1007/978-3-662-03983-0},
}

@book {HusertPhDThesis17,
    	AUTHOR = {Husert, David},
     	TITLE = {Similarity of integer matrices},
     	NOTE = {PhD Thesis},
     	URN = {urn:nbn:de:hbz:466:2-27507},
     	PUBLISHER = {University of Paderborn},
     	YEAR = {2016},
} 

@article {JKPRSBT18,
    AUTHOR = {Jordan, Bruce W. and Keeton, Allan G. and Poonen, Bjorn and
              Rains, Eric M. and Shepherd-Barron, Nicholas and Tate, John
              T.},
     TITLE = {Abelian varieties isogenous to a power of an elliptic curve},
   JOURNAL = {Compos. Math.},
  FJOURNAL = {Compositio Mathematica},
    VOLUME = {154},
      YEAR = {2018},
    NUMBER = {5},
     PAGES = {934--959},
      ISSN = {0010-437X},
   MRCLASS = {14K15 (11G10 14H52 14K02 14K05)},
  MRNUMBER = {3798590},
MRREVIEWER = {Joseph H. Silverman},
       DOI = {10.1112/S0010437X17007990},
       URL = {https://doi.org/10.1112/S0010437X17007990},
}

@misc{lmfdb,
  shorthand    = {LMFDB},
  author       = {The {LMFDB Collaboration}},
  title        =  {The L-functions and Modular Forms Database},
  howpublished = {\url{http://www.lmfdb.org}},
  year         = {2013},
  note         = {[Online; accessed 16 September 2013]},
}

@article{MarkRoull17,
author = {Markushevich, Dimitri and Roulleau, Xavier},
title = {Irrationality of generic cubic threefold via Weil’s conjectures},
journal = {Communications in Contemporary Mathematics},
volume = {0},
number = {0},
pages = {1750078},
year = {0},
doi = {10.1142/S021919971750078X},
URL = { 
        https://doi.org/10.1142/S021919971750078X
},
eprint = { 
        https://doi.org/10.1142/S021919971750078X   
},
}

@article {EickHofmannOBrien19,
    AUTHOR = {Eick, Bettina and Hofmann, Tommy and O'Brien, Eamonn},
     TITLE = {The conjugacy problem in {${\bf GL}(n,{\bf Z})$}},
   JOURNAL = {J. Lond. Math. Soc. (2)},
  FJOURNAL = {Journal of the London Mathematical Society. Second Series},
    VOLUME = {00},
      YEAR = {2019},
     PAGES = {1--26},
       DOI = {10.1112/jlms.12246},
       URL = {https://doi.org/10.1112/jlms.12246},
}


@book{AtiyahMacdonald69,
    AUTHOR = {Atiyah, M. F. and Macdonald, I. G.},
     TITLE = {Introduction to commutative algebra},
 PUBLISHER = {Addison-Wesley Publishing Co., Reading, Mass.-London-Don
              Mills, Ont.},
      YEAR = {1969},
     PAGES = {ix+128},
   MRCLASS = {13.00},
  MRNUMBER = {0242802},
MRREVIEWER = {J. A. Johnson},
}

@incollection {Elk99,
    AUTHOR = {Elkies, Noam D.},
     TITLE = {The {K}lein quartic in number theory},
 BOOKTITLE = {The eightfold way},
    SERIES = {Math. Sci. Res. Inst. Publ.},
    VOLUME = {35},
     PAGES = {51--101},
 PUBLISHER = {Cambridge Univ. Press, Cambridge},
      YEAR = {1999},
   MRCLASS = {11G30 (11G05 11G18 11R29 14H45)},
  MRNUMBER = {1722413},
MRREVIEWER = {Chandrashekhar Khare},
}

@article {ElGamal85,
    AUTHOR = {ElGamal, Taher},
     TITLE = {A public key cryptosystem and a signature scheme based on
              discrete logarithms},
   JOURNAL = {IEEE Trans. Inform. Theory},
  FJOURNAL = {Institute of Electrical and Electronics Engineers.
              Transactions on Information Theory},
    VOLUME = {31},
      YEAR = {1985},
    NUMBER = {4},
     PAGES = {469--472},
      ISSN = {0018-9448},
   MRCLASS = {94A60 (11T71)},
  MRNUMBER = {798552},
       DOI = {10.1109/TIT.1985.1057074},
       URL = {https://doi.org/10.1109/TIT.1985.1057074},
}

@book {Wash08,
    AUTHOR = {Washington, Lawrence C.},
     TITLE = {Elliptic curves},
    SERIES = {Discrete Mathematics and its Applications (Boca Raton)},
   EDITION = {Second},
      NOTE = {Number theory and cryptography},
 PUBLISHER = {Chapman \& Hall/CRC, Boca Raton, FL},
      YEAR = {2008},
     PAGES = {xviii+513},
      ISBN = {978-1-4200-7146-7; 1-4200-7146-7},
   MRCLASS = {11G05 (11G20 14G50 94A60 94B27)},
  MRNUMBER = {2404461},
       DOI = {10.1201/9781420071474},
       URL = {https://doi.org/10.1201/9781420071474},
}
 
@article{KoblitzMenezes16,
 author = {Koblitz, Neal and Menezes, Alfred},
 title = {A Riddle Wrapped in an Enigma},
 journal = {IEEE Security and Privacy},
 issue_date = {November 2016},
 volume = {14},
 number = {6},
 month = nov,
 year = {2016},
 issn = {1540-7993},
 pages = {34--42},
 numpages = {9},
 url = {https://doi.org/10.1109/MSP.2016.120},
 doi = {10.1109/MSP.2016.120},
 acmid = {3029287},
 publisher = {IEEE Educational Activities Department},
 address = {Piscataway, NJ, USA},
} 

@book{ HPS14,
    AUTHOR = {Hoffstein, Jeffrey and Pipher, Jill and Silverman, Joseph H.},
     TITLE = {An introduction to mathematical cryptography},
    SERIES = {Undergraduate Texts in Mathematics},
   EDITION = {Second},
 PUBLISHER = {Springer, New York},
      YEAR = {2014},
     PAGES = {xviii+538},
      ISBN = {978-1-4939-1710-5; 978-1-4939-1711-2},
   MRCLASS = {94-02 (11T71 14G50 94-01 94A60)},
  MRNUMBER = {3289167},
MRREVIEWER = {Robert Juricevic},
       DOI = {10.1007/978-1-4939-1711-2},
       URL = {https://doi.org/10.1007/978-1-4939-1711-2},
}

@incollection {Shor94,
    AUTHOR = {Shor, Peter W.},
     TITLE = {Algorithms for quantum computation: discrete logarithms and
              factoring},
 BOOKTITLE = {35th {A}nnual {S}ymposium on {F}oundations of {C}omputer
              {S}cience ({S}anta {F}e, {NM}, 1994)},
     PAGES = {124--134},
 PUBLISHER = {IEEE Comput. Soc. Press, Los Alamitos, CA},
      YEAR = {1994},
   MRCLASS = {68Q05 (68P25 68Q25 81P99)},
  MRNUMBER = {1489242},
       DOI = {10.1109/SFCS.1994.365700},
       URL = {https://doi.org/10.1109/SFCS.1994.365700},
}

@article {Hoffmann91,
    AUTHOR = {Hoffmann, Detlev W.},
     TITLE = {On positive definite {H}ermitian forms},
   JOURNAL = {Manuscripta Math.},
  FJOURNAL = {Manuscripta Mathematica},
    VOLUME = {71},
      YEAR = {1991},
    NUMBER = {4},
     PAGES = {399--429},
      ISSN = {0025-2611},
   MRCLASS = {11E39 (11H06)},
  MRNUMBER = {1104993},
MRREVIEWER = {Jorge F. Morales},
       DOI = {10.1007/BF02568415},
       URL = {https://doi.org/10.1007/BF02568415},
}

@article {KaremakerPries19,
    AUTHOR = {Karemaker, Valentijn and Pries, Rachel},
     TITLE = {Fully maximal and fully minimal abelian varieties},
   JOURNAL = {J. Pure Appl. Algebra},
  FJOURNAL = {Journal of Pure and Applied Algebra},
    VOLUME = {223},
      YEAR = {2019},
    NUMBER = {7},
     PAGES = {3031--3056},
      ISSN = {0022-4049},
   MRCLASS = {11G10 (11G20 11G25 11M38 14G15 14H37 14H45 14K15)},
  MRNUMBER = {3912957},
MRREVIEWER = {John L. Boxall},
       DOI = {10.1016/j.jpaa.2018.10.007},
       URL = {https://doi.org/10.1016/j.jpaa.2018.10.007},
}

@article {MEagherTop10,
    AUTHOR = {Meagher, Stephen and Top, Jaap},
     TITLE = {Twists of genus three curves over finite fields},
   JOURNAL = {Finite Fields Appl.},
  FJOURNAL = {Finite Fields and their Applications},
    VOLUME = {16},
      YEAR = {2010},
    NUMBER = {5},
     PAGES = {347--368},
      ISSN = {1071-5797},
   MRCLASS = {11G20 (14G15)},
  MRNUMBER = {2678623},
MRREVIEWER = {Benjamin Smith},
       DOI = {10.1016/j.ffa.2010.06.001},
       URL = {https://doi.org/10.1016/j.ffa.2010.06.001},
}

@article{JP16,
   title={The analytic class number formula for 1‐dimensional affine schemes},
   volume={52},
   ISSN={1469-2120},
   url={http://dx.doi.org/10.1112/blms.12357},
   DOI={10.1112/blms.12357},
   number={5},
   journal={Bulletin of the London Mathematical Society},
   publisher={Wiley},
   author={Jordan, Bruce W. and Poonen, Bjorn},
   year={2020},
   month={Jun},
   pages={793–806}
}

@article{MarICM18,
    AUTHOR = {Marseglia, Stefano},
     TITLE = {Computing the ideal class monoid of an order},
   JOURNAL = {J. Lond. Math. Soc. (2)},
  FJOURNAL = {Journal of the London Mathematical Society. Second Series},
    VOLUME = {101},
      YEAR = {2020},
    NUMBER = {3},
     PAGES = {984-1007},
      ISSN = {0024-6107},
   MRCLASS = {11R54 (11C20 11Y40 15B36)},
  MRNUMBER = {4111932},
}

@article{MarAbVar18,
    AUTHOR = {Marseglia, Stefano},
     TITLE = {Computing square-free polarized abelian varieties over finite
              fields},
   JOURNAL = {Math. Comp.},
  FJOURNAL = {Mathematics of Computation},
    VOLUME = {90},
      YEAR = {2021},
    NUMBER = {328},
     PAGES = {953--971},
      ISSN = {0025-5718},
   MRCLASS = {14K15 (11G10 11G25 14G15)},
  MRNUMBER = {4194169},
MRREVIEWER = {Davide Lombardo},
       DOI = {10.1090/mcom/3594},
       URL = {https://doi.org/10.1090/mcom/3594},
}

@article {MarBassPow,
    AUTHOR = {Marseglia, Stefano},
     TITLE = {Computing abelian varieties over finite fields isogenous to a
              power},
   JOURNAL = {Res. Number Theory},
  FJOURNAL = {Research in Number Theory},
    VOLUME = {5},
      YEAR = {2019},
    NUMBER = {4},
     PAGES = {Paper No. 35, 17},
      ISSN = {2522-0160},
   MRCLASS = {14K02 (11G10 11G25)},
  MRNUMBER = {4030241},
       DOI = {10.1007/s40993-019-0174-x},
       URL = {https://doi.org/10.1007/s40993-019-0174-x},
}

@article{HofmannJohnston18,
    AUTHOR = {Hofmann, Tommy and Johnston, Henri},
     TITLE = {Computing isomorphisms between lattices},
   JOURNAL = {Math. Comp.},
  FJOURNAL = {Mathematics of Computation},
    VOLUME = {89},
      YEAR = {2020},
    NUMBER = {326},
     PAGES = {2931--2963},
      ISSN = {0025-5718},
   MRCLASS = {11R33 (11Y40 16Z05)},
  MRNUMBER = {4136552},
       DOI = {10.1090/mcom/3543},
       URL = {https://doi.org/10.1090/mcom/3543},
}

@article {Vogt19,
    AUTHOR = {Vogt, Isabel},
     TITLE = {Abelian varieties isogenous to a power of an elliptic curve
              over a {G}alois extension},
   JOURNAL = {J. Th\'{e}or. Nombres Bordeaux},
  FJOURNAL = {Journal de Th\'{e}orie des Nombres de Bordeaux},
    VOLUME = {31},
      YEAR = {2019},
    NUMBER = {1},
     PAGES = {205--213},
      ISSN = {1246-7405},
   MRCLASS = {14K02 (11G10 14H52)},
  MRNUMBER = {3994726},
       URL = {http://jtnb.cedram.org/item?id=JTNB_2019__31_1_205_0},
}

@article{TaelmanK32018,
   title={Ordinary K3 surfaces over a finite field},
   volume={0},
   ISSN={1435-5345},
   url={http://dx.doi.org/10.1515/crelle-2018-0023},
   DOI={10.1515/crelle-2018-0023},
   number={0},
   journal={Journal für die reine und angewandte Mathematik (Crelles Journal)},
   publisher={Walter de Gruyter GmbH},
   author={Taelman, Lenny},
   year={2018},
   month={Oct}
}

@book{SerreGaloisCohomology,
    AUTHOR = {Serre, Jean-Pierre},
     TITLE = {Galois cohomology},
    SERIES = {Springer Monographs in Mathematics},
   EDITION = {English},
      NOTE = {Translated from the French by Patrick Ion and revised by the
              author},
 PUBLISHER = {Springer-Verlag, Berlin},
      YEAR = {2002},
     PAGES = {x+210},
      ISBN = {3-540-42192-0},
   MRCLASS = {12G05 (11R34)},
  MRNUMBER = {1867431},
}

@book{Stichtenoth09,
    AUTHOR = {Stichtenoth, Henning},
     TITLE = {Algebraic function fields and codes},
    SERIES = {Graduate Texts in Mathematics},
    VOLUME = {254},
   EDITION = {Second},
 PUBLISHER = {Springer-Verlag, Berlin},
      YEAR = {2009},
     PAGES = {xiv+355},
      ISBN = {978-3-540-76877-7},
   MRCLASS = {14H05 (11R58 11T71 14G15 14G50 94B27)},
  MRNUMBER = {2464941},
}


@article {ShankarTsimerman18,
    AUTHOR = {Shankar, Ananth N. and Tsimerman, Jacob},
     TITLE = {Unlikely intersections in finite characteristic},
   JOURNAL = {Forum Math. Sigma},
  FJOURNAL = {Forum of Mathematics. Sigma},
    VOLUME = {6},
      YEAR = {2018},
     PAGES = {e13, 17},
   MRCLASS = {11G20 (14G35)},
  MRNUMBER = {3841493},
MRREVIEWER = {Takehiro Hasegawa},
       DOI = {10.1017/fms.2018.15},
       URL = {https://doi.org/10.1017/fms.2018.15},
}

@article {OswalShankar20,
    AUTHOR = {Oswal, Abhishek and Shankar, Ananth N.},
     TITLE = {Almost ordinary abelian varieties over finite fields},
   JOURNAL = {J. Lond. Math. Soc. (2)},
  FJOURNAL = {Journal of the London Mathematical Society. Second Series},
    VOLUME = {101},
      YEAR = {2020},
    NUMBER = {3},
     PAGES = {923-937},
      ISSN = {0024-6107},
   MRCLASS = {11G10 (11G25 14G17 14K02)},
  MRNUMBER = {4111929},
       DOI = {10.1112/jlms.12291},
       URL = {https://doi.org/10.1112/jlms.12291},
}

@incollection {RosenAbVarC86,
    AUTHOR = {Rosen, Michael},
     TITLE = {Abelian varieties over {${\bf C}$}},
 BOOKTITLE = {Arithmetic geometry ({S}torrs, {C}onn., 1984)},
     PAGES = {79--101},
 PUBLISHER = {Springer, New York},
      YEAR = {1986},
   MRCLASS = {14K20},
  MRNUMBER = {861973},
}

@unpublished{KimYamada17,
      title={Ideal classes and Cappell-Shaneson homotopy 4-spheres}, 
      author={Min Hoon Kim and Shohei Yamada},
      year={2018},
      eprint={1707.03860},
      archivePrefix={arXiv},
      primaryClass={math.GT},
      note={arXiv:1707.03860}
}

@unpublished{xue2017counting,
    title={On counting certain abelian varieties over finite fields},
    author={Jiangwei Xue and Chia-Fu Yu},
    year={2017},
    eprint={1801.00229},
    archivePrefix={arXiv},
    primaryClass={math.NT},
    note={arXiv:1801.00229}
}

@unpublished{MarFieldExt,
      title={Computing base extensions of ordinary abelian varieties over finite fields}, 
      author={Stefano Marseglia},
      year={2020},
      eprint={2003.09977},
      archivePrefix={arXiv},
      primaryClass={math.AG},
      note={arXiv:2003.09977}
}

@ARTICLE{MarScholl20,
    AUTHOR = {Marseglia, Stefano and Scholl, Travis},
     TITLE = {Products and polarizations of super-isolated abelian
              varieties},
   JOURNAL = {Math. Z.},
  FJOURNAL = {Mathematische Zeitschrift},
    VOLUME = {300},
      YEAR = {2022},
    NUMBER = {1},
     PAGES = {445--462},
      ISSN = {0025-5874},
   MRCLASS = {14},
  MRNUMBER = {4359532},
       DOI = {10.1007/s00209-021-02791-x},
       URL = {https://doi.org/10.1007/s00209-021-02791-x},
}

@article {Steinitz12,
    AUTHOR = {Steinitz, Ernst},
     TITLE = {Rechteckige {S}ysteme und {M}oduln in algebraischen
              {Z}ahlk\"{o}rpern. {II}},
   JOURNAL = {Math. Ann.},
  FJOURNAL = {Mathematische Annalen},
    VOLUME = {72},
      YEAR = {1912},
    NUMBER = {3},
     PAGES = {297--345},
      ISSN = {0025-5831},
   MRCLASS = {DML},
  MRNUMBER = {1511701},
       DOI = {10.1007/BF01456721},
       URL = {https://doi.org/10.1007/BF01456721},
}

@article {Steinitz11,
    AUTHOR = {Steinitz, Ernst},
     TITLE = {Rechteckige {S}ysteme und {M}oduln in algebraischen
              {Z}ahlk\"{o}ppern. {I}},
   JOURNAL = {Math. Ann.},
  FJOURNAL = {Mathematische Annalen},
    VOLUME = {71},
      YEAR = {1911},
    NUMBER = {3},
     PAGES = {328--354},
      ISSN = {0025-5831},
   MRCLASS = {DML},
  MRNUMBER = {1511661},
       DOI = {10.1007/BF01456849},
       URL = {https://doi.org/10.1007/BF01456849},
}

@article {KirNarbRitzDam21,
    AUTHOR = {Kirschmer, Markus and Narbonne, Fabien and Ritzenthaler,
              Christophe and Robert, Damien},
     TITLE = {Spanning the isogeny class of a power of an elliptic curve},
   JOURNAL = {Math. Comp.},
  FJOURNAL = {Mathematics of Computation},
    VOLUME = {91},
      YEAR = {2021},
    NUMBER = {333},
     PAGES = {401--449},
      ISSN = {0025-5718},
   MRCLASS = {14H42 (14G15 14H45 14H52 14K02 14Q05 16H20)},
  MRNUMBER = {4350544},
       DOI = {10.1090/mcom/3672},
       URL = {https://doi.org/10.1090/mcom/3672},
}

@ARTICLE{CS21,
       author = {{Centeleghe}, Tommaso Giorgio and {Stix}, Jakob},
        title = "{Categories of abelian varieties over finite fields II: Abelian varieties over finite fields and Morita equivalence}",
      journal = {arXiv e-prints},
     keywords = {Mathematics - Number Theory, Mathematics - Algebraic Geometry, 11G10, 14K10},
         year = 2021,
        month = dec,
          eid = {arXiv:2112.14306},
        pages = {arXiv:2112.14306},
archivePrefix = {arXiv},
       eprint = {2112.14306},
 primaryClass = {math.NT},
       adsurl = {https://ui.adsabs.harvard.edu/abs/2021arXiv211214306C},
      adsnote = {Provided by the SAO/NASA Astrophysics Data System}
}

@article{BergKarMar21,
    author = {Bergström, Jonas and Karemaker, Valentijn and Marseglia, Stefano},
    title = "{Polarizations of Abelian Varieties Over Finite Fields via Canonical Liftings}",
    journal = {International Mathematics Research Notices},
    year = {2021},
    month = {12},
    abstract = "{We describe all polarizations for all abelian varieties over a finite field in a fixed isogeny class corresponding to a squarefree Weil polynomial, when one variety in the isogeny class admits a canonical lifting to characteristic zero, that is, a lifting for which the reduction morphism induces an isomorphism of endomorphism rings. Categorical equivalences between abelian varieties over finite fields and fractional ideals in étale algebras enable us to explicitly compute isomorphism classes of polarized abelian varieties satisfying some mild conditions. We also implement algorithms to perform these computations.}",
    issn = {1073-7928},
    doi = {10.1093/imrn/rnab333},
    url = {https://doi.org/10.1093/imrn/rnab333},
    note = {rnab333},
    eprint = {https://academic.oup.com/imrn/advance-article-pdf/doi/10.1093/imrn/rnab333/41641130/rnab333.pdf},
}
@article {HofmannSircana20,
    AUTHOR = {Hofmann, Tommy and Sircana, Carlo},
     TITLE = {On the computation of overorders},
   JOURNAL = {Int. J. Number Theory},
  FJOURNAL = {International Journal of Number Theory},
    VOLUME = {16},
      YEAR = {2020},
    NUMBER = {4},
     PAGES = {857--879},
      ISSN = {1793-0421},
   MRCLASS = {11Y40 (11R04 11R54)},
  MRNUMBER = {4093387},
MRREVIEWER = {Renate Scheidler},
       DOI = {10.1142/S179304212050044X},
       URL = {https://doi.org/10.1142/S179304212050044X},
}

@ARTICLE{MarSpr21,
       author = {{Marseglia}, Stefano and {Springer}, Caleb},
        title = "{Every finite abelian group is the group of rational points of an ordinary abelian variety over $\mathbb{F}_2$, $\mathbb{F}_3$ and $\mathbb{F}_5$}",
      journal = {arXiv e-prints},
     keywords = {Mathematics - Number Theory, 14K15 (Primary) 14G15, 11G10 (Secondary)},
         year = 2021,
        month = may,
          eid = {arXiv:2105.08125},
        pages = {arXiv:2105.08125},
archivePrefix = {arXiv},
       eprint = {2105.08125},
 primaryClass = {math.NT},
       adsurl = {https://ui.adsabs.harvard.edu/abs/2021arXiv210508125M},
      adsnote = {Provided by the SAO/NASA Astrophysics Data System}
}

